
@CONFERENCE{UnderstandingActionRecogAll,
  author =       {D. Girish, V. Singh, A. Ralescu},
  title =        {Understanding action recognition in still images},
  booktitle =    {IEEE/CVF Conference on Computer Vision and Pattern Recognition Workshops (CVPRW)},
  year =         {2020},
  month =        {14-19 June},
  address =      {Seattle, WA, USA},
  pages = {4321–4327},
  url = {doi.org/10.1109/CVPRW50498.2020.00193}
}

@CONFERENCE{tasvirAvalChapterYek,
	author =       {Yan Zhu, Xu Zhao, Yun Fu, Yuncai Liu},
	title =        {Sparse Coding on Local Spatial-Temporal Volumes for Human Action Recognition},
	booktitle =    {Springer Conference paper Computer Vision – ACCV},
	year = {2011},
	pages = {660–671},
	url = {https://doi.org/10.1007/978-3-642-19309-5_51}
}

@article{HumanActionReviewMogadame,
 author = {D. Romaissa Beddiar, B. Nini, M. Sabokrou, A. Hadid},
 title = {Vision-based human activity recognition: a survey},
 journal = {Springer},
 volume = {79},
 number = {9},
 year = {2020},
 pages = {30509–30555},
 publisher = {Springer Computer Society},
 url = {doi.org/10.1007/s11042-020-09004-3}
 }
 
 @CONFERENCE{tasvirSevomChapterYek,
	author =       {Tanqiu Qiao, Qianhui Men, Frederick W. B. Li, Yoshiki Kubotani, Shigeo Morishima, Hubert P. H. Shum},
	title =        {Geometric Features Informed Multi-person Human-Object Interaction Recognition in Videos},
	booktitle =    {Springer Conference Computer Vision – ECCV},
	year = {2022},
	pages = {474-491},
	url = {https://doi.org/10.1007/978-3-031-19772-7_28}
}
@misc{Normal_not_Normal,
  title = {Link of Web Page},
  howpublished = {\url{https://towardsdatascience.com/how-to-calculate-the-mean-and-standard-deviation-normalizing-datasets-in-pytorch-704bd7d05f4c
}}
}
@misc{WinNT,
  title = {Link of Web Page},
  howpublished = {\url{https://www.bombom2002.com/?product_id=124076762_38}}
}

@article{AttentionIsAllNeed,
 author = {A. Vaswani, N. Shazeer, N. Parmar, J. Uszkoreit, L. Jones, A.N. Gomez, L. Kaiser, I. Polosukhin},
 title = {Attention Is All You Need},
 journal = {Cornell University},
 pages = {15},
 year = {2017},
 publisher = {Computation and Language},
 url = {doi.org/10.48550/arXiv.1706.03762}
 }
 
@CONFERENCE{ModelingMutual_OB_POSE,
  author =       {B. Yao; Li Fei-Fei},
  title =        {Modeling mutual context of object and human pose in human-object interaction activities},
  booktitle =    {IEEE Computer Society Conference on Computer Vision and Pattern Recognition},
  year =         {2010},
  month =        {13-18 June},
  address =      {San Francisco, CA, USA},
  pages = {8},
  url = {doi.org/10.1109/CVPR.2010.5540235}
}
 
@CONFERENCE{HAR_learing_action_part,
  author =       {B. Yao, X. Jiang, A. Khosla, A. Lin; L. Guibas; Li Fei-Fei},
  title =        {Human action recognition by learning bases of action attributes and part},
  booktitle =    {International Conference on Computer Vision},
  year =         {2011},
  month =        {06-13 November},
  address =      {Barcelona, Spain},
  pages = {8},
  url = {doi.org/10.1109/ICCV.2011.6126386}
}

@CONFERENCE{ActionRec_using_Res_network,
	author =       {Sreela S R, S. Mary Idicula},
	title =        {Action Recognition in Still Images using Residual Neural Network Features},
	booktitle =    {8th International Conference on Advances in Computing and Communications},
	year = {2018},
	address =  {Kochi, India},
	pages = {Pages 563-569},
	url = {https://doi.org/10.1016/j.procs.2018.10.432}
}

@article{Multi_branch_Attention_Recg_still,
 author = {S. Yan, J. Smith; W. Lu; B. Zhang},
 title = {Multibranch Attention Networks for Action Recognition in Still Images},
 journal = {IEEE},
 volume = {10},
 number = {11},
 year = {2017},
 pages = {1116-1125},
 publisher = {IEEE Transactions on Cognitive and Developmental Systems},
 url = {https://doi.org/10.1109/TCDS.2017.2783944}
 }
 
@CONFERENCE{Pairwise_bodypart_att_2018,
    author =       {HS. Fang, J. Cao, YW. Tai and C. Lu},
    title =        {Action Recognition in Still Images using Residual Neural Network Features},
    booktitle =    {ECCV Lecture Notes in Computer Science},
    year = {2018},
    address =  {Springer, Cham},
    pages = {Pages 52-68},
    url = {https://doi.org/10.1007/978-3-030-01249-6_4}
}
 
@CONFERENCE{Loss_guided_actv_attention,
	author =       {L. Liu, R.T. Tan and Sh. You},
	title =        {Loss Guided Activation for Action Recognition in Still Images},
	booktitle =    {ACCV Lecture Notes in Computer Science},
	year = {2019},
	address =  {Springer, Cham},
	pages = {Pages 152-167},
	url = {https://doi.org/10.1007/978-3-030-20873-8_10}
}

@CONFERENCE{Ensemble_deep_neu_action_still,
	author =       {Sina Mohammadi, Sina Ghofrani Majelan, Shahriar B. Shokouhi},
	title =        {Ensembles of Deep Neural Networks for Action Recognition in Still Images},
	booktitle =    {IEEE 9th International Conference on Computer and Knowledge Engineering (ICCKE)},
	year = {2019},
	address =  {Mashhad, Iran},
	pages = {5},
	url = {https://doi.org/10.1109/ICCKE48569.2019.8965014}
}

@CONFERENCE{Knowledge_dist_recognition,
	author =       {Masoumeh chapariniya, Seyed Sajad Ashrafi, Shahriar B. Shokouhi},
	title =        {Knowledge Distillation Framework for Action Recognition in Still Images},
	booktitle =    {IEEE 10th International Conference on Computer and Knowledge Engineering (ICCKE)},
	year = {2020},
	address =  {Mashhad, Iran},
	pages = {pages 274-277},
	url = {https://doi.org/10.1109/ICCKE50421.2020.9303716}
}

@CONFERENCE{Still_image_action_ensemble,
	author =       {Hojat Asgarian Dehkordi, Ali Soltani Nezhad, Seyed Sajad Ashrafi, Shahriar B. Shokouhi},
	title =        {Still Image Action Recognition Using Ensemble Learning},
	booktitle =    {IEEE 7th International Conference on Web Research (ICWR)},
	year = {2021},
	address =  {Tehran, Iran},
	pages = {pages 125-129},
	url = {https://doi.org/10.1109/ICWR51868.2021.9443021}
}

@CONFERENCE{Human_object_relation_action,
	author =       {Wentao Ma, Shuang Liang},
	title =        {Human-Object Relation Network For Action Recognition In Still Images},
	booktitle =    {IEEE International Conference on Multimedia and Expo (ICME)},
	year = {2020},
	address =  {London, UK},
	pages = {6},
	url = {https://doi.org/10.1109/ICME46284.2020.9102933}
}

@CONFERENCE{Relation_network_object,
	author =       {Han Hu, Jiayuan Gu, Zheng Zhang, Jifeng Dai, Yichen Wei},
	title =        {Relation Networks for Object Detection},
	booktitle =    {IEEE/CVF Conference on Computer Vision and Pattern Recognition},
	year = {2018},
	address =  {Salt Lake City, UT, USA},
	pages = {Pages 3588-3597},
	url = {https://doi.org/10.1109/CVPR.2018.00378}
}

@CONFERENCE{Resnet_article,
	author =       {Kaiming He, Xiangyu Zhang, Shaoqing Ren, Jian Sun},
	title =        {Deep Residual Learning for Image Recognition},
	booktitle =    {IEEE Conference on Computer Vision and Pattern Recognition (CVPR)},
	year = {2016},
	pages = {770-778},
	url = {https://doi.org/10.1109/CVPR.2016.90}
}

@CONFERENCE{Single_image_semantic_body,
	author =       {Zhichen Zhao, Huimin Ma, Shaodi You},
	title =        {Single Image Action Recognition Using Semantic Body Part Actions},
	booktitle =    {IEEE International Conference on Computer Vision (ICCV)},
	year = {2017},
	pages = {3391-3399},
	url = {https://doi.org/10.1109/ICCV.2017.367}
}

@article{Body_part_aware_multitask_act,
 author = {Bhishan Bhandari, Geonu Lee, Jungchan Cho},
 title = {Body-Part-Aware and Multitask-Aware Single-Image-Based Action Recognition},
 journal = {Applied Sciences},
 volume = {10},
 number = {1531},
 year = {2020},
 url = {https://doi.org/10.3390/app10041531}
 }
 
@CONFERENCE{HRNet_network,
	author =       {Ke Sun, Bin Xiao, Dong Liu, Jingdong Wang},
	title =        {Deep High-Resolution Representation Learning for Human Pose Estimation},
	booktitle =    {IEEE/CVF Conference on Computer Vision and Pattern Recognition},
	year = {2019},
	pages = {23},
	url = {https://doi.org/10.1109/CVPR.2019.00584}
}

@article{Recognition_fusing_mutple_cue,
 author = {Yang Li, Kan Li, Xinxin Wang},
 title = {Recognizing actions in images by fusing multiple body structure cues},
 journal = {ELSEVIER Pattern Recognition},
 volume = {104},
 number = {107341},
 year = {2020},
 url = {https://doi.org/10.1016/j.patcog.2020.107341}
 }

@article{Human_action_multiple_s_clue,
 author = {Xiangtao Zheng, Tengfei Gong, Xiaoqiang Lu, Xuelong Li},
 title = {Human action recognition by multiple spatial clues network},
 journal = {ELSEVIER Neurocomputing},
 volume = {483},
 number = {28},
 year = {2022},
 pages = {10-21}
 url = {https://doi.org/10.1016/j.neucom.2022.01.091}
 }
 
 @article{action_multi_att_weakly,
 author = {Seyed Sajad Ashrafi, Shahriar B. Shokouhi \& Ahmad Ayatollahi},
 title = {Action recognition in still images using a multi-attention guided network with weakly supervised saliency detection},
 journal = {Springer, Multimedia Tools and Applications},
 volume = {80},
 year = {2021},
 pages = {32567-32593}
 url = {https://doi.org/10.1007/s11042-021-11215-1}
 }
 
@CONFERENCE{contextual_action_rcnn,
	author =       {Georgia Gkioxari, Ross Girshick, Jitendra Malik},
	title =        {Contextual Action Recognition with R*CNN},
	booktitle =    {IEEE International Conference on Computer Vision },
	year = {2015},
	pages = {1080-1088},
	url = {https://doi.org/10.1109/ICCV.2015.129}
}
@CONFERENCE{action_sift_key_points,
	author =       {M. Pavan, K. Jyothi},
	title =        {Human Action Recognition in Still Images Using SIFT Key Points},
	booktitle =    {Springer Intelligent Systems and Sustainable Computing},
	year = {2022},
	pages = {313-325},
	url = {https://doi.org/10.1007/978-981-19-0011-2_2}
}
@article{hum_action_behavior_transfer_learning,
 author = {Mohammed T. Abdulhadi},
 title = {Human Action Behavior Recognition in Still Images with Proposed Frames Selection Using Transfer Learning},
 journal = {International Journal of Online and Biomedical Engineering (iJOE)},
 volume = {19},
 year = {2023},
 pages = {47-65}
 url = {http://dx.doi.org/10.3991/ijoe.v19i06.38463}
 }
 @article{relation_with_free_obj,
 author = {Shuang Liang, PictureWentao Ma, PictureChi Xie},
 title = {Relation with Free Objects for Action Recognition},
 journal = {ACM Transactions on Multimedia Computing, Communications, and Applications},
 volume = {20},
 year = {2023},
 pages = {1-19}
 url = {https://doi.org/10.1145/3617596}
 }
 @article{interactions_adaptive_drnet,
 author = {Arnab Dey, Samit Biswas, Dac-Nhoung Le},
 title = {Recognition of Human Interactions in Still Images using AdaptiveDRNet with Multi-level Attention},
 journal = {International Journal of Advanced Computer Science and Applications(IJACSA)},
 volume = {14},
 year = {2023},
 pages = {984-994}
 url = {https://dx.doi.org/10.14569/IJACSA.2023.01410103}
 }
  @article{patch_boxless_action,
 author = {Shuang Liang, Jiewen Wang, Zikun Zhuang },
 title = {Patch excitation network for boxless action recognition in still images},
 journal = {Springer The Visual Computer},
 year = {2023},
 url = {https://doi.org/10.1007/s00371-023-03071-x}
 }
 
@CONFERENCE{context_enhancment_methodology,
	author =       {Jiarong He, Wei Wu, Yuxing Li },
	title =        {Context Enhancement Methodology for Action Recognition in Still Images},
	booktitle =    {Springer Artificial Neural Networks and Machine Learning (ICANN)},
	year = {2023},
	pages = {112-122},
	url = {https://doi.org/10.1007/978-3-031-44207-0_10}
}
  @article{a_key_points_assisted_net,
 author = {Xinbiao Lu, Hao Xing, Chunlin Ye, Xupeng Xie, Zecheng Liu},
 title = {A key-points-assisted network with transfer learning for precision human action recognition in still images},
 journal = {Signal, Image and Video Processing},
 volume = {18},
 year = {2024},
 pages = {1561-1575}
 url = {https://doi.org/10.1007/s11760-023-02862-y}
 }
 
   @article{shape_orbicular_grid_action,
 author = {M. Pavan, K. Jyothi },
 title = {Human Action Recognition Based on Body Shape and Orbicular Grid},
 journal = {Springer Advances in Data-Driven Computing and Intelligent Systems},
 year = {2024},
 pages = {97-108}
 url = {https://doi.org/10.1007/978-981-99-9531-8_8}
 }
 



